<record><leader>00000cas a22000007a 4500</leader><controlfield tag="001">10720429</controlfield><controlfield tag="008">840511d18261833scuwr ne      0    0eng d</controlfield><controlfield tag="009">3781</controlfield><datafield ind1=" " ind2=" " tag="010"><subfield code="a">sn 84027855 </subfield></datafield><datafield ind1=" " ind2=" " tag="040"><subfield code="a">NPU</subfield><subfield code="b">eng</subfield><subfield code="c">NPU</subfield><subfield code="d">DLC</subfield><subfield code="d">NPX</subfield><subfield code="d">DLC</subfield><subfield code="d">OCLCQ</subfield></datafield><datafield ind1="1" ind2=" " tag="029"><subfield code="a">AU@</subfield><subfield code="b">000026223541</subfield></datafield><datafield ind1=" " ind2=" " tag="042"><subfield code="a">msc</subfield></datafield><datafield ind1="0" ind2="0" tag="050"><subfield code="a">Newspaper</subfield></datafield><datafield ind1="0" ind2="0" tag="245"><subfield code="a">South-Carolina spectator.</subfield></datafield><datafield ind1="1" ind2="3" tag="246"><subfield code="a">Spectator</subfield></datafield><datafield ind1=" " ind2=" " tag="260"><subfield code="a">Cheraw, S.C. :</subfield><subfield code="b">Mason R. Lyon,</subfield><subfield code="c">1826-</subfield></datafield><datafield ind1=" " ind2=" " tag="300"><subfield code="a">v. ;</subfield><subfield code="c">51-54 cm.</subfield></datafield><datafield ind1=" " ind2=" " tag="310"><subfield code="a">Weekly</subfield></datafield><datafield ind1="0" ind2=" " tag="362"><subfield code="a">New ser., v. 6, no. 1 (May 23, 1826)- = whole no. 274-</subfield></datafield><datafield ind1="1" ind2=" " tag="362"><subfield code="a">Ceased in 1833?</subfield><subfield code="z">Cf. Gregory, W. Amer. newspapers.</subfield></datafield><datafield ind1=" " ind2=" " tag="752"><subfield code="a">United States</subfield><subfield code="b">South Carolina</subfield><subfield code="c">Chesterfield</subfield><subfield code="d">Cheraw.</subfield></datafield><datafield ind1="0" ind2="0" tag="780"><subfield code="t">Pee Dee gazette, and Cheraw intelligencer</subfield><subfield code="w">(DLC)sn 85042672</subfield></datafield><datafield ind1="0" ind2="0" tag="785"><subfield code="t">Pee Dee gazette and Cheraw advertiser (Cheraw, S.C.)</subfield><subfield code="w">(DLC)sn 85042794</subfield></datafield></record>